<record><leader>00000cas a22000007a 4500</leader><controlfield tag="001">11601451</controlfield><controlfield tag="008">850121c18699999vauwr ne      0    0eng d</controlfield><datafield ind1=" " ind2=" " tag="010"><subfield code="a">sn 85025193 </subfield></datafield><datafield ind1=" " ind2=" " tag="040"><subfield code="a">NPX</subfield><subfield code="b">eng</subfield><subfield code="c">NPX</subfield><subfield code="d">DLC</subfield><subfield code="d">NVK</subfield><subfield code="d">OCLCQ</subfield><subfield code="d">OCLCF</subfield><subfield code="d">OCLCO</subfield></datafield><datafield ind1="1" ind2=" " tag="029"><subfield code="a">AU@</subfield><subfield code="b">000022299412</subfield></datafield><datafield ind1=" " ind2=" " tag="037"><subfield code="b">P.O. Box 1297, Front Royal, Va. 22630</subfield></datafield><datafield ind1=" " ind2=" " tag="042"><subfield code="a">msc</subfield></datafield><datafield ind1=" " ind2=" " tag="043"><subfield code="a">n-us-va</subfield></datafield><datafield ind1="0" ind2="0" tag="050"><subfield code="a">Newspaper 10049</subfield></datafield><datafield ind1="0" ind2=" " tag="130"><subfield code="a">Warren sentinel (Front Royal, Va.)</subfield></datafield><datafield ind1="1" ind2="0" tag="245"><subfield code="a">Warren sentinel.</subfield></datafield><datafield ind1="1" ind2="3" tag="246"><subfield code="a">Front Royal Warren sentinel</subfield></datafield><datafield ind1=" " ind2=" " tag="260"><subfield code="a">Front Royal. Va. :</subfield><subfield code="b">James S. Trout, John Clark &amp; Son</subfield></datafield><datafield ind1=" " ind2=" " tag="300"><subfield code="a">v. :</subfield><subfield code="b">ill. ;</subfield><subfield code="c">56-65 cm.</subfield></datafield><datafield ind1=" " ind2=" " tag="310"><subfield code="a">Weekly</subfield></datafield><datafield ind1="1" ind2=" " tag="362"><subfield code="a">Began with Apr. 9, 1869 issue.</subfield><subfield code="z">Cf. Cappon, L.J. Va. newspapers.</subfield></datafield><datafield ind1=" " ind2=" " tag="500"><subfield code="a">"Democratic." Cf. Cappon, L.J. Va. newspapers.</subfield></datafield><datafield ind1=" " ind2=" " tag="500"><subfield code="a">Editors: James S. Trout, &lt;1869&gt;; John T. Lovell, &lt;1876&gt;.</subfield></datafield><datafield ind1=" " ind2=" " tag="530"><subfield code="a">Also issued on microfilm from Bell &amp; Howell, Micro Photo Div.</subfield></datafield><datafield ind1=" " ind2=" " tag="588"><subfield code="a">Description based on: Vol. 1, no. 2 (Apr. 16, 1869).</subfield></datafield><datafield ind1=" " ind2="0" tag="651"><subfield code="a">Front Royal (Va.)</subfield><subfield code="v">Newspapers.</subfield></datafield><datafield ind1=" " ind2="7" tag="655"><subfield code="a">Newspapers.</subfield><subfield code="2">fast</subfield><subfield code="0">(OCoLC)fst01423814</subfield></datafield><datafield ind1=" " ind2="7" tag="651"><subfield code="a">Virginia</subfield><subfield code="z">Front Royal.</subfield><subfield code="2">fast</subfield><subfield code="0">(OCoLC)fst01222300</subfield></datafield><datafield ind1=" " ind2=" " tag="752"><subfield code="a">United States</subfield><subfield code="b">Virginia</subfield><subfield code="c">Warren</subfield><subfield code="d">Front Royal.</subfield></datafield><datafield ind1="0" ind2="5" tag="780"><subfield code="t">Warren register</subfield></datafield></record>